<record><leader>00000cas a22000007a 4500</leader><controlfield tag="001">17204030</controlfield><controlfield tag="008">871208d19211937iauwr ne      0    0eng d</controlfield><datafield ind1=" " ind2=" " tag="010"><subfield code="a">sn 87057863 </subfield></datafield><datafield ind1=" " ind2=" " tag="040"><subfield code="a">INP</subfield><subfield code="b">eng</subfield><subfield code="c">INP</subfield><subfield code="d">OCLCQ</subfield></datafield><datafield ind1=" " ind2=" " tag="042"><subfield code="a">msc</subfield></datafield><datafield ind1="0" ind2=" " tag="130"><subfield code="a">Onawa Democrat (Onawa, Iowa : 1921)</subfield></datafield><datafield ind1="1" ind2="4" tag="245"><subfield code="a">The Onawa Democrat.</subfield></datafield><datafield ind1="1" ind2="7" tag="246"><subfield code="a">Onawa weekly Democrat</subfield></datafield><datafield ind1=" " ind2=" " tag="260"><subfield code="a">Onawa, Monona County, Iowa :</subfield><subfield code="b">Mrs. W.H. Wonder &amp; Son,</subfield><subfield code="c">1921-1937.</subfield></datafield><datafield ind1=" " ind2=" " tag="300"><subfield code="a">v.</subfield></datafield><datafield ind1=" " ind2=" " tag="310"><subfield code="a">Weekly</subfield></datafield><datafield ind1="0" ind2=" " tag="362"><subfield code="a">Dec. 1, 1921-Mar. 18, 1937.</subfield></datafield><datafield ind1=" " ind2=" " tag="500"><subfield code="a">Publisher varies.</subfield></datafield><datafield ind1=" " ind2=" " tag="515"><subfield code="a">Issues lack numbering.</subfield></datafield><datafield ind1=" " ind2=" " tag="752"><subfield code="a">United States</subfield><subfield code="b">Iowa</subfield><subfield code="c">Monona</subfield><subfield code="d">Onawa.</subfield></datafield><datafield ind1="0" ind2="0" tag="780"><subfield code="t">Onawa weekly Democrat (Onawa, Iowa : 1894)</subfield><subfield code="w">(DLC)sn 87057862</subfield></datafield><datafield ind1="0" ind2="0" tag="785"><subfield code="t">Onawa weekly Democrat (Onawa, Iowa : 1937)</subfield><subfield code="w">(DLC)sn 87057864</subfield></datafield></record>